@article{Nobody06,
  author = "Nobody Jr",
  title = "My Article",
  year = "2006"
}

@article{dolan2002benchmarking,
  title={Benchmarking optimization software with performance profiles},
  author={Dolan, E. D. and Mor{\'e}, J.J.},
  journal={Mathematical Programming},
  volume={91},
  number={2},
  pages={201--213},
  year={2002},
  publisher={Springer}
}